<?xml version='1.0' encoding='utf-8'?>
<record xmlns="http://www.loc.gov/MARC21/slim" xmlns:xsi="http://www.w3.org/2001/XMLSchema-instance" xsi:schemaLocation="http://www.loc.gov/MARC21/slim http://www.loc.gov/standards/marcxml/schema/MARC21slim.xsd">
  <leader>00000npca 22022451a 4500</leader>
  <controlfield tag="005">20120521090101.0</controlfield>
  <controlfield tag="008">940131i18771968miu     |           eng||</controlfield>
  <datafield tag="035" ind1=" " ind2=" ">
    <subfield code="a">(RLIN)MIUV85-A874</subfield>
  </datafield>
  <datafield tag="035" ind1=" " ind2=" ">
    <subfield code="a">(OCoLC)ocm34421623</subfield>
  </datafield>
  <datafield tag="040" ind1=" " ind2=" ">
    <subfield code="a">MiU-H</subfield>
    <subfield code="c">MiU-H</subfield>
    <subfield code="e">appm</subfield>
    <subfield code="d">MiU</subfield>
  </datafield>
  <datafield tag="100" ind1="1" ind2=" ">
    <subfield code="a">Brucker, Wilber Marion,</subfield>
    <subfield code="d">1894-1968.</subfield>
  </datafield>
  <datafield tag="245" ind1="1" ind2="0">
    <subfield code="a">Wilber M. Brucker papers,</subfield>
    <subfield code="f">1877-1968.</subfield>
  </datafield>
  <datafield tag="300" ind1=" " ind2=" ">
    <subfield code="a">52 linear ft. and 2 folders [outsize].</subfield>
  </datafield>
  <datafield tag="300" ind1=" " ind2=" ">
    <subfield code="3">Visual materials</subfield>
    <subfield code="a">8 linear ft. and 1 outsize folder.</subfield>
  </datafield>
  <datafield tag="545" ind1=" " ind2=" ">
    <subfield code="a">Prosecuting attorney of Saginaw County, Michigan, attorney general of Michigan, 1929-1931, governor, 1931-1932, general counsel to the Department of Defense during the Army-McCarthy Hearing, 1954-1955, and Secretary of the Army, 1955-1961.</subfield>
  </datafield>
  <datafield tag="520" ind1=" " ind2=" ">
    <subfield code="a">Correspondence, speeches, tapes, appointment books, scrapbooks, photograph albums, newspaper clippings, and other materials concerning his political career; also papers relating to the history of the rainbow division of which Brucker was a member during the First World War; masonic papers; miscellanea concerning the history of Saginaw, Michigan, files relating to the struggle over Michigan legislative apportionment, 1963-1964; legal files and miscellaneous papers of Clara H. Brucker, particularly</subfield>
  </datafield>
  <datafield tag="520" ind1=" " ind2=" ">
    <subfield code="a">concerning her work with the Detroit (Mich.) School of Government.</subfield>
  </datafield>
  <datafield tag="520" ind1=" " ind2=" ">
    <subfield code="a">Correspondents include: Frederick M. Alger, Hugh Alcorn, Paul D. Bagwell, John B. Bennett, Alvin M. Bentley, Eugene F. Black, Emerson R. Boyles, D. Hale Brake, John V. Brennan, John W. Bricker, Styles Bridges, Robert H. Brucker, Leland W. Carr, Clifford P. Case, Roy D. Chapin, Madame Chiang Kai-Shek, Kit F. Clardy, Owen J. Cleary, Howard A. Coffin, William A. Comstock, Alfred B. Connable, James J. Couzens, Louis C. Cramton, William B. Cudlip, Frederick D. Davis, Thomas E. Dewey, Luren D. Dickinson,</subfield>
  </datafield>
  <datafield tag="520" ind1=" " ind2=" ">
    <subfield code="a">Grover C. Dillman, Everett M. Dirksen, George A. Dondero, Paul H. Douglas, Richard Durant, Dwight D. Eisenhower, John Feikens, Homer Ferguson, Frank D. Fitzgerald, Joseph W. Fordney, Paul G. Goebel, Fred W. Green, Walter F. Gries, Edgar Guest, Leonard W. Hall, Charles A. Halleck, Jonn A. Hannah, Bourke B. Hickenlooper, Clare E. Hoffman, Herbert C. Hoover, Emil E. Hurja, Irving M. Ives, August E. Johansen, Edgar D. Jones, Harry F. Kelly, Eugene C. Keyes, Goodwin Knight, Frank Knox, Thomas H. Kuchel,</subfield>
  </datafield>
  <datafield tag="520" ind1=" " ind2=" ">
    <subfield code="a">Donald S. Leonard, Lawrence B. Lindemer, Henry C. Lodge, John C. Lodge, William P. Lovett, Pliny W. Marsh, John B. Martin, James W. McNally, Earl C. Michener, Frank G. Millard, Wilson W. Mills, Louis C. Miriani, Thruston B. Morton, Charles S. Mott, Karl Mundt, Frank Murphy, George Murphy, Stephen S. Nisbet, Walter H. North.</subfield>
  </datafield>
  <datafield tag="520" ind1=" " ind2=" ">
    <subfield code="a">Correspondents include: Chase S. Osborn, Elly M. Peterson, Frank A. Picard, Charles E. Potter, Clarence A. Reide, George Romney, Theodore Roosevelt, Kim Sigler, Neil Staebler, Arthur E. Summerfield, Robert A. Taft, Strom Thurmond, Edward J. Thye, Harry S. Toy, Thomas C. Trueblood, Arthur H. Vandenberg, Charles B. Van Dusen, John A. Wagner, John B. Waite, Louis C. Walker, Albert C. Wedemeyer, Alexander Wiley, Jesse P. Wolcott, Roy O. Woodruff, Harold F. Youngblood, and Charles M. Ziegler.</subfield>
  </datafield>
  <datafield tag="555" ind1="0" ind2=" ">
    <subfield code="a">Finding aid in the library.</subfield>
  </datafield>
  <datafield tag="555" ind1="0" ind2=" ">
    <subfield code="a">Finding aid available via World Wide Web at URL: http://quod.lib.umich.edu/cgi/f/findaid/findaid-idx?c=bhlead&amp;idno=umich-bhl-85874</subfield>
  </datafield>
  <datafield tag="500" ind1=" " ind2=" ">
    <subfield code="a">Donor: 3767</subfield>
  </datafield>
  <datafield tag="500" ind1=" " ind2=" ">
    <subfield code="a">Visual materials described separately.</subfield>
  </datafield>
  <datafield tag="600" ind1="1" ind2="0">
    <subfield code="a">Brucker, Clara H.</subfield>
  </datafield>
  <datafield tag="600" ind1="1" ind2="0">
    <subfield code="a">Brucker, Wilber Marion,</subfield>
    <subfield code="d">1894-1968.</subfield>
  </datafield>
  <datafield tag="610" ind1="1" ind2="0">
    <subfield code="a">Michigan.</subfield>
    <subfield code="b">Department of Attorney General.</subfield>
  </datafield>
  <datafield tag="691" ind1=" " ind2="4">
    <subfield code="a">Michigan</subfield>
    <subfield code="x">Politics and government</subfield>
    <subfield code="y">1922-1928.</subfield>
  </datafield>
  <datafield tag="691" ind1=" " ind2="4">
    <subfield code="a">Michigan</subfield>
    <subfield code="x">Politics and government</subfield>
    <subfield code="y">1929-1938.</subfield>
  </datafield>
  <datafield tag="691" ind1=" " ind2="4">
    <subfield code="a">Michigan</subfield>
    <subfield code="x">Politics and government</subfield>
    <subfield code="y">1939-1945.</subfield>
  </datafield>
  <datafield tag="691" ind1=" " ind2="4">
    <subfield code="a">Michigan</subfield>
    <subfield code="x">Politics and government</subfield>
    <subfield code="y">1946-1960.</subfield>
  </datafield>
  <datafield tag="651" ind1=" " ind2="0">
    <subfield code="a">United States</subfield>
    <subfield code="x">Politics and government</subfield>
    <subfield code="y">1929-1933.</subfield>
  </datafield>
  <datafield tag="651" ind1=" " ind2="0">
    <subfield code="a">United States</subfield>
    <subfield code="x">Politics and government</subfield>
    <subfield code="y">1933-1953.</subfield>
  </datafield>
  <datafield tag="651" ind1=" " ind2="0">
    <subfield code="a">United States</subfield>
    <subfield code="x">Politics and government</subfield>
    <subfield code="y">1953-1961.</subfield>
  </datafield>
  <datafield tag="610" ind1="2" ind2="0">
    <subfield code="a">Republican Party (Mich.)</subfield>
  </datafield>
  <datafield tag="610" ind1="1" ind2="0">
    <subfield code="a">United States.</subfield>
    <subfield code="b">Army.</subfield>
  </datafield>
  <datafield tag="650" ind1=" " ind2="0">
    <subfield code="a">Apportionment (Election law)</subfield>
    <subfield code="z">Michigan.</subfield>
  </datafield>
  <datafield tag="651" ind1=" " ind2="0">
    <subfield code="a">Detroit (Mich.)</subfield>
  </datafield>
  <datafield tag="610" ind1="2" ind2="0">
    <subfield code="a">Knights Templar (Masonic order)</subfield>
  </datafield>
  <datafield tag="651" ind1=" " ind2="0">
    <subfield code="a">Saginaw (Mich.)</subfield>
  </datafield>
  <datafield tag="650" ind1=" " ind2="0">
    <subfield code="a">World War, 1914-1918.</subfield>
  </datafield>
  <datafield tag="650" ind1=" " ind2="0">
    <subfield code="a">Elections</subfield>
    <subfield code="z">Michigan</subfield>
    <subfield code="y">1924.</subfield>
  </datafield>
  <datafield tag="650" ind1=" " ind2="0">
    <subfield code="a">Elections</subfield>
    <subfield code="z">Michigan</subfield>
    <subfield code="y">1928.</subfield>
  </datafield>
  <datafield tag="650" ind1=" " ind2="0">
    <subfield code="a">Elections</subfield>
    <subfield code="z">Michigan</subfield>
    <subfield code="y">1930.</subfield>
  </datafield>
  <datafield tag="650" ind1=" " ind2="0">
    <subfield code="a">Elections</subfield>
    <subfield code="z">Michigan</subfield>
    <subfield code="y">1932.</subfield>
  </datafield>
  <datafield tag="650" ind1=" " ind2="0">
    <subfield code="a">Elections</subfield>
    <subfield code="z">Michigan</subfield>
    <subfield code="y">1936.</subfield>
  </datafield>
  <datafield tag="650" ind1=" " ind2="0">
    <subfield code="a">Elections</subfield>
    <subfield code="z">Michigan</subfield>
    <subfield code="y">1944.</subfield>
  </datafield>
  <datafield tag="650" ind1=" " ind2="0">
    <subfield code="a">Elections</subfield>
    <subfield code="z">Michigan</subfield>
    <subfield code="y">1946.</subfield>
  </datafield>
  <datafield tag="650" ind1=" " ind2="0">
    <subfield code="a">Elections</subfield>
    <subfield code="z">Michigan</subfield>
    <subfield code="y">1948.</subfield>
  </datafield>
  <datafield tag="650" ind1=" " ind2="0">
    <subfield code="a">Elections</subfield>
    <subfield code="z">Michigan</subfield>
    <subfield code="y">1950.</subfield>
  </datafield>
  <datafield tag="650" ind1=" " ind2="0">
    <subfield code="a">Elections</subfield>
    <subfield code="z">Michigan</subfield>
    <subfield code="y">1954.</subfield>
  </datafield>
  <datafield tag="650" ind1=" " ind2="0">
    <subfield code="a">Elections</subfield>
    <subfield code="z">Michigan</subfield>
    <subfield code="y">1956.</subfield>
  </datafield>
  <datafield tag="650" ind1=" " ind2="0">
    <subfield code="a">Elections</subfield>
    <subfield code="z">Michigan</subfield>
    <subfield code="y">1958.</subfield>
  </datafield>
  <datafield tag="650" ind1=" " ind2="0">
    <subfield code="a">Elections</subfield>
    <subfield code="z">Michigan</subfield>
    <subfield code="y">1960.</subfield>
  </datafield>
  <datafield tag="650" ind1=" " ind2="0">
    <subfield code="a">Elections</subfield>
    <subfield code="z">United States</subfield>
    <subfield code="y">1932.</subfield>
  </datafield>
  <datafield tag="650" ind1=" " ind2="0">
    <subfield code="a">Elections</subfield>
    <subfield code="z">United States</subfield>
    <subfield code="y">1936.</subfield>
  </datafield>
  <datafield tag="650" ind1=" " ind2="0">
    <subfield code="a">Elections</subfield>
    <subfield code="z">United States</subfield>
    <subfield code="y">1944.</subfield>
  </datafield>
  <datafield tag="650" ind1=" " ind2="0">
    <subfield code="a">Elections</subfield>
    <subfield code="z">United States</subfield>
    <subfield code="y">1946.</subfield>
  </datafield>
  <datafield tag="650" ind1=" " ind2="0">
    <subfield code="a">Elections</subfield>
    <subfield code="z">United States</subfield>
    <subfield code="y">1948.</subfield>
  </datafield>
  <datafield tag="650" ind1=" " ind2="0">
    <subfield code="a">Elections</subfield>
    <subfield code="z">United States</subfield>
    <subfield code="y">1950.</subfield>
  </datafield>
  <datafield tag="650" ind1=" " ind2="0">
    <subfield code="a">Elections</subfield>
    <subfield code="z">United States</subfield>
    <subfield code="y">1954.</subfield>
  </datafield>
  <datafield tag="650" ind1=" " ind2="0">
    <subfield code="a">Elections</subfield>
    <subfield code="z">United States</subfield>
    <subfield code="y">1956.</subfield>
  </datafield>
  <datafield tag="650" ind1=" " ind2="0">
    <subfield code="a">Elections</subfield>
    <subfield code="z">United States</subfield>
    <subfield code="y">1958.</subfield>
  </datafield>
  <datafield tag="650" ind1=" " ind2="0">
    <subfield code="a">Elections</subfield>
    <subfield code="z">United States</subfield>
    <subfield code="y">1960.</subfield>
  </datafield>
  <datafield tag="650" ind1=" " ind2="0">
    <subfield code="a">Veterans</subfield>
    <subfield code="z">Michigan</subfield>
    <subfield code="z">Societies, etc.</subfield>
  </datafield>
  <datafield tag="650" ind1=" " ind2="0">
    <subfield code="a">Governors</subfield>
    <subfield code="z">Michigan.</subfield>
  </datafield>
  <datafield tag="650" ind1=" " ind2="0">
    <subfield code="a">Women civic leaders</subfield>
    <subfield code="z">Michigan</subfield>
    <subfield code="z">Detroit.</subfield>
  </datafield>
  <datafield tag="650" ind1=" " ind2="0">
    <subfield code="a">Civic leaders</subfield>
    <subfield code="z">Michigan</subfield>
    <subfield code="z">Detroit.</subfield>
  </datafield>
  <datafield tag="650" ind1=" " ind2="0">
    <subfield code="a">Governors' spouses</subfield>
    <subfield code="z">Michigan.</subfield>
  </datafield>
  <datafield tag="655" ind1=" " ind2="7">
    <subfield code="a">Scrapbooks.</subfield>
    <subfield code="2">aat</subfield>
  </datafield>
  <datafield tag="651" ind1=" " ind2="0">
    <subfield code="a">Michigan</subfield>
    <subfield code="x">Politics and government</subfield>
    <subfield code="y">1837-1950.</subfield>
  </datafield>
  <datafield tag="651" ind1=" " ind2="0">
    <subfield code="a">Michigan</subfield>
    <subfield code="x">Politics and government</subfield>
    <subfield code="y">1951-</subfield>
  </datafield>
  <datafield tag="700" ind1="1" ind2=" ">
    <subfield code="a">Alger, Frederick Moulton,</subfield>
    <subfield code="d">1907-1967.</subfield>
  </datafield>
  <datafield tag="700" ind1="1" ind2=" ">
    <subfield code="a">Alcorn, Hugh Meade,</subfield>
    <subfield code="d">1907-</subfield>
  </datafield>
  <datafield tag="700" ind1="1" ind2=" ">
    <subfield code="a">Bagwell, Paul D.</subfield>
  </datafield>
  <datafield tag="700" ind1="1" ind2=" ">
    <subfield code="a">Bennett, John B.</subfield>
    <subfield code="q">(John Bonifas),</subfield>
    <subfield code="d">1905-1964.</subfield>
  </datafield>
  <datafield tag="700" ind1="1" ind2=" ">
    <subfield code="a">Bentley, Alvin M.</subfield>
    <subfield code="q">(Alvin Morell),</subfield>
    <subfield code="d">1918-1969.</subfield>
  </datafield>
  <datafield tag="700" ind1="1" ind2=" ">
    <subfield code="a">Black, Eugene F.,</subfield>
    <subfield code="d">1903-1990.</subfield>
  </datafield>
  <datafield tag="700" ind1="1" ind2=" ">
    <subfield code="a">Boyles, Emerson R.,</subfield>
    <subfield code="d">1881-1960.</subfield>
  </datafield>
  <datafield tag="700" ind1="1" ind2=" ">
    <subfield code="a">Brake, D. Hale,</subfield>
    <subfield code="d">1891-1979.</subfield>
  </datafield>
  <datafield tag="700" ind1="1" ind2=" ">
    <subfield code="a">Brennan, John V.,</subfield>
    <subfield code="d">1872-1971.</subfield>
  </datafield>
  <datafield tag="700" ind1="1" ind2=" ">
    <subfield code="a">Bricker, John W.</subfield>
    <subfield code="q">(John William),</subfield>
    <subfield code="d">1893-1986.</subfield>
  </datafield>
  <datafield tag="700" ind1="1" ind2=" ">
    <subfield code="a">Bridges, Styles, 1898-</subfield>
  </datafield>
  <datafield tag="700" ind1="1" ind2=" ">
    <subfield code="a">Brucker, Robert Hawn,</subfield>
    <subfield code="d">1888-1967.</subfield>
  </datafield>
  <datafield tag="700" ind1="1" ind2=" ">
    <subfield code="a">Carr, Leland Walker,</subfield>
    <subfield code="d">1883-</subfield>
  </datafield>
  <datafield tag="700" ind1="1" ind2=" ">
    <subfield code="a">Case, Clifford P.</subfield>
    <subfield code="q">(Clifford Philip),</subfield>
    <subfield code="d">1904-1982.</subfield>
  </datafield>
  <datafield tag="700" ind1="1" ind2=" ">
    <subfield code="a">Chapin, Roy D.</subfield>
    <subfield code="q">(Roy Dikeman),</subfield>
    <subfield code="d">1880-1936.</subfield>
  </datafield>
  <datafield tag="700" ind1="1" ind2=" ">
    <subfield code="a">Clardy, Kit Francis,</subfield>
    <subfield code="d">1892-</subfield>
  </datafield>
  <datafield tag="700" ind1="1" ind2=" ">
    <subfield code="a">Cleary, Owen J.,</subfield>
    <subfield code="d">1900-1960.</subfield>
  </datafield>
  <datafield tag="700" ind1="1" ind2=" ">
    <subfield code="a">Coffin, Howard Aldridge,</subfield>
    <subfield code="d">1877-1956.</subfield>
  </datafield>
  <datafield tag="700" ind1="1" ind2=" ">
    <subfield code="a">Comstock, William Alfred,</subfield>
    <subfield code="d">1877-1949.</subfield>
  </datafield>
  <datafield tag="700" ind1="1" ind2=" ">
    <subfield code="a">Connable, Alfred B.</subfield>
    <subfield code="q">(Alfred Barnes),</subfield>
    <subfield code="d">1904-</subfield>
  </datafield>
  <datafield tag="700" ind1="1" ind2=" ">
    <subfield code="a">Couzens, James,</subfield>
    <subfield code="d">1872-1936.</subfield>
  </datafield>
  <datafield tag="700" ind1="1" ind2=" ">
    <subfield code="a">Cramton, Louis C.</subfield>
    <subfield code="q">(Louis Convers),</subfield>
    <subfield code="d">1875-</subfield>
  </datafield>
  <datafield tag="700" ind1="1" ind2=" ">
    <subfield code="a">Cudlip, William B.,</subfield>
    <subfield code="d">1904-1988.</subfield>
  </datafield>
  <datafield tag="700" ind1="1" ind2=" ">
    <subfield code="a">Davis, Frederick Dayton.</subfield>
  </datafield>
  <datafield tag="700" ind1="1" ind2=" ">
    <subfield code="a">Dewey, Thomas E.</subfield>
    <subfield code="q">(Thomas Edmund),</subfield>
    <subfield code="d">1902-1971.</subfield>
  </datafield>
  <datafield tag="700" ind1="1" ind2=" ">
    <subfield code="a">Dickinson, Luren Dudley,</subfield>
    <subfield code="d">1859-1943.</subfield>
  </datafield>
  <datafield tag="700" ind1="1" ind2=" ">
    <subfield code="a">Dillman, Grover Cleveland,</subfield>
    <subfield code="d">1889-</subfield>
  </datafield>
  <datafield tag="700" ind1="1" ind2=" ">
    <subfield code="a">Dirksen, Everett McKinley.</subfield>
  </datafield>
  <datafield tag="700" ind1="1" ind2=" ">
    <subfield code="a">Dondero, George Anthony,</subfield>
    <subfield code="d">1883-1968.</subfield>
  </datafield>
  <datafield tag="700" ind1="1" ind2=" ">
    <subfield code="a">Douglas, Paul H.</subfield>
    <subfield code="q">(Paul Howard),</subfield>
    <subfield code="d">1892-1976.</subfield>
  </datafield>
  <datafield tag="700" ind1="1" ind2=" ">
    <subfield code="a">Durant, Richard.</subfield>
  </datafield>
  <datafield tag="700" ind1="1" ind2=" ">
    <subfield code="a">Eisenhower, Dwight D.</subfield>
    <subfield code="q">(Dwight David),</subfield>
    <subfield code="d">1890-1969.</subfield>
  </datafield>
  <datafield tag="700" ind1="1" ind2=" ">
    <subfield code="a">Feikens, John,</subfield>
    <subfield code="d">1917-2011.</subfield>
  </datafield>
  <datafield tag="700" ind1="1" ind2=" ">
    <subfield code="a">Ferguson, Homer,</subfield>
    <subfield code="d">1888-1982.</subfield>
  </datafield>
  <datafield tag="700" ind1="1" ind2=" ">
    <subfield code="a">Fitzgerald, Frank D.</subfield>
    <subfield code="q">(Frank Dwight),</subfield>
    <subfield code="d">1885-1939.</subfield>
  </datafield>
  <datafield tag="700" ind1="1" ind2=" ">
    <subfield code="a">Fordney, Joseph W.</subfield>
    <subfield code="q">(Joseph Warren),</subfield>
    <subfield code="d">1853-1932.</subfield>
  </datafield>
  <datafield tag="700" ind1="1" ind2=" ">
    <subfield code="a">Goebel, Paul Gordon,</subfield>
    <subfield code="d">1901-</subfield>
  </datafield>
  <datafield tag="700" ind1="1" ind2=" ">
    <subfield code="a">Green, Fred Warren,</subfield>
    <subfield code="d">1872-1936.</subfield>
  </datafield>
  <datafield tag="700" ind1="1" ind2=" ">
    <subfield code="a">Gries, Walter Frederick,</subfield>
    <subfield code="d">1892-1952.</subfield>
  </datafield>
  <datafield tag="700" ind1="1" ind2=" ">
    <subfield code="a">Guest, Edgar A.</subfield>
    <subfield code="q">(Edgar Albert),</subfield>
    <subfield code="d">1881-1959.</subfield>
  </datafield>
  <datafield tag="700" ind1="1" ind2=" ">
    <subfield code="a">Hall, Leonard Wood,</subfield>
    <subfield code="d">1900-</subfield>
  </datafield>
  <datafield tag="700" ind1="1" ind2=" ">
    <subfield code="a">Halleck, Charles A.</subfield>
    <subfield code="q">(Charles Abraham),</subfield>
    <subfield code="d">1900-1986.</subfield>
  </datafield>
  <datafield tag="700" ind1="1" ind2=" ">
    <subfield code="a">Hannah, John A.,</subfield>
    <subfield code="d">1902-1991.</subfield>
  </datafield>
  <datafield tag="700" ind1="1" ind2=" ">
    <subfield code="a">Hickenlooper, Bourke B.</subfield>
    <subfield code="q">(Bourke Blakemore),</subfield>
    <subfield code="d">1896-1971.</subfield>
  </datafield>
  <datafield tag="700" ind1="1" ind2=" ">
    <subfield code="a">Hoffman, Clare E.,</subfield>
    <subfield code="d">1875-1967</subfield>
  </datafield>
  <datafield tag="700" ind1="1" ind2=" ">
    <subfield code="a">Hoover, Herbert,</subfield>
    <subfield code="d">1874-1964.</subfield>
  </datafield>
  <datafield tag="700" ind1="1" ind2=" ">
    <subfield code="a">Hurja, Emil,</subfield>
    <subfield code="d">1892-</subfield>
  </datafield>
  <datafield tag="700" ind1="1" ind2=" ">
    <subfield code="a">Ives, Irving McNeil,</subfield>
    <subfield code="d">1896-1962.</subfield>
  </datafield>
  <datafield tag="700" ind1="1" ind2=" ">
    <subfield code="a">Johansen, August Edgar,</subfield>
    <subfield code="d">1905-</subfield>
  </datafield>
  <datafield tag="700" ind1="1" ind2=" ">
    <subfield code="a">Jones, Edgar De Witt,</subfield>
    <subfield code="d">1876-1956.</subfield>
  </datafield>
  <datafield tag="700" ind1="1" ind2=" ">
    <subfield code="a">Kelly, Harry F.</subfield>
    <subfield code="q">(Harry Francis),</subfield>
    <subfield code="d">1895-1971.</subfield>
  </datafield>
  <datafield tag="700" ind1="1" ind2=" ">
    <subfield code="a">Keyes, Eugene C.,</subfield>
    <subfield code="d">1900-1962.</subfield>
  </datafield>
  <datafield tag="700" ind1="1" ind2=" ">
    <subfield code="a">Knight, Goodwin,</subfield>
    <subfield code="d">1896-1970.</subfield>
  </datafield>
  <datafield tag="700" ind1="1" ind2=" ">
    <subfield code="a">Knox, Frank,</subfield>
    <subfield code="d">1874-1944.</subfield>
  </datafield>
  <datafield tag="700" ind1="1" ind2=" ">
    <subfield code="a">Kuchel, Thomas Henry,</subfield>
    <subfield code="d">1910-</subfield>
  </datafield>
  <datafield tag="700" ind1="1" ind2=" ">
    <subfield code="a">Leonard, Donald S.</subfield>
    <subfield code="q">(Donald Sparling),</subfield>
    <subfield code="d">1903-1976.</subfield>
  </datafield>
  <datafield tag="700" ind1="1" ind2=" ">
    <subfield code="a">Lindemer, Lawrence B.</subfield>
  </datafield>
  <datafield tag="700" ind1="1" ind2=" ">
    <subfield code="a">Lodge, Henry Cabot,</subfield>
    <subfield code="c">Jr.,</subfield>
    <subfield code="d">1902-1985.</subfield>
  </datafield>
  <datafield tag="700" ind1="1" ind2=" ">
    <subfield code="a">Lodge, John Christian,</subfield>
    <subfield code="d">1862-1950.</subfield>
  </datafield>
  <datafield tag="700" ind1="1" ind2=" ">
    <subfield code="a">Lovett, William Pierce,</subfield>
    <subfield code="d">1872-</subfield>
  </datafield>
  <datafield tag="700" ind1="1" ind2=" ">
    <subfield code="a">Marsh, Pliny W.,</subfield>
    <subfield code="d">1876-</subfield>
  </datafield>
  <datafield tag="700" ind1="1" ind2=" ">
    <subfield code="a">Martin, John Butlin,</subfield>
    <subfield code="d">1909-</subfield>
  </datafield>
  <datafield tag="700" ind1="1" ind2=" ">
    <subfield code="a">McNally, James Wallace,</subfield>
    <subfield code="d">1911-</subfield>
  </datafield>
  <datafield tag="700" ind1="1" ind2=" ">
    <subfield code="a">Michener, Earl C.</subfield>
    <subfield code="q">(Earl Cory),</subfield>
    <subfield code="d">1876-1957.</subfield>
  </datafield>
  <datafield tag="700" ind1="1" ind2=" ">
    <subfield code="a">Millard, Frank G.</subfield>
    <subfield code="q">(Frank Gurnee),</subfield>
    <subfield code="d">1897-1976.</subfield>
  </datafield>
  <datafield tag="700" ind1="1" ind2=" ">
    <subfield code="a">Mills, Wilson W.,</subfield>
    <subfield code="d">1888-</subfield>
  </datafield>
  <datafield tag="700" ind1="1" ind2=" ">
    <subfield code="a">Miriani, Louis C.</subfield>
  </datafield>
  <datafield tag="700" ind1="1" ind2=" ">
    <subfield code="a">Morton, Thruston B.</subfield>
    <subfield code="q">(Thruston Ballard),</subfield>
    <subfield code="d">1907-1982.</subfield>
  </datafield>
  <datafield tag="700" ind1="1" ind2=" ">
    <subfield code="a">Mott, Charles Stewart,</subfield>
    <subfield code="d">1875-1973.</subfield>
  </datafield>
  <datafield tag="700" ind1="1" ind2=" ">
    <subfield code="a">Mundt, Karl E.</subfield>
    <subfield code="q">(Karl Earl),</subfield>
    <subfield code="d">1900-1974.</subfield>
  </datafield>
  <datafield tag="700" ind1="1" ind2=" ">
    <subfield code="a">Murphy, Frank,</subfield>
    <subfield code="d">1890-1949.</subfield>
  </datafield>
  <datafield tag="700" ind1="1" ind2=" ">
    <subfield code="a">Murphy, George,</subfield>
    <subfield code="d">1897-1961.</subfield>
  </datafield>
  <datafield tag="700" ind1="1" ind2=" ">
    <subfield code="a">Nisbet, Stephen S.,</subfield>
    <subfield code="d">1895-</subfield>
  </datafield>
  <datafield tag="700" ind1="1" ind2=" ">
    <subfield code="a">North, Walter Harper,</subfield>
    <subfield code="d">1871-1952.</subfield>
  </datafield>
  <datafield tag="700" ind1="1" ind2=" ">
    <subfield code="a">Osborn, Chase S.</subfield>
    <subfield code="q">(Chase Salmon),</subfield>
    <subfield code="d">1860-1949.</subfield>
  </datafield>
  <datafield tag="700" ind1="1" ind2=" ">
    <subfield code="a">Peterson, Elly Maude,</subfield>
    <subfield code="d">1914-2008.</subfield>
  </datafield>
  <datafield tag="700" ind1="1" ind2=" ">
    <subfield code="a">Picard, Frank A.,</subfield>
    <subfield code="d">1889-1963.</subfield>
  </datafield>
  <datafield tag="700" ind1="1" ind2=" ">
    <subfield code="a">Potter, Charles E.</subfield>
    <subfield code="q">(Charles Edward),</subfield>
    <subfield code="d">1916-1979.</subfield>
  </datafield>
  <datafield tag="700" ind1="1" ind2=" ">
    <subfield code="a">Reid, Clarence A.</subfield>
  </datafield>
  <datafield tag="700" ind1="1" ind2=" ">
    <subfield code="a">Reid, Neil E.,</subfield>
    <subfield code="d">1871-</subfield>
  </datafield>
  <datafield tag="700" ind1="1" ind2=" ">
    <subfield code="a">Romney, George W.,</subfield>
    <subfield code="d">1907-1995.</subfield>
  </datafield>
  <datafield tag="700" ind1="1" ind2=" ">
    <subfield code="a">Roosevelt, Theodore,</subfield>
    <subfield code="d">1887-1944.</subfield>
  </datafield>
  <datafield tag="700" ind1="1" ind2=" ">
    <subfield code="a">Sigler, Kim,</subfield>
    <subfield code="d">1894-</subfield>
  </datafield>
  <datafield tag="700" ind1="1" ind2=" ">
    <subfield code="a">Staebler, Neil,</subfield>
    <subfield code="d">1905-2000.</subfield>
  </datafield>
  <datafield tag="700" ind1="1" ind2=" ">
    <subfield code="a">Summerfield, Arthur Ellsworth,</subfield>
    <subfield code="d">1899-1972.</subfield>
  </datafield>
  <datafield tag="700" ind1="1" ind2=" ">
    <subfield code="a">Taft, Robert A.</subfield>
    <subfield code="q">(Robert Alphonso),</subfield>
    <subfield code="d">1889-1953.</subfield>
  </datafield>
  <datafield tag="700" ind1="1" ind2=" ">
    <subfield code="a">Thurmond, Strom,</subfield>
    <subfield code="d">1902-2003.</subfield>
  </datafield>
  <datafield tag="700" ind1="1" ind2=" ">
    <subfield code="a">Thye, Edward John,</subfield>
    <subfield code="d">1896-1969.</subfield>
  </datafield>
  <datafield tag="700" ind1="1" ind2=" ">
    <subfield code="a">Toy, Harry Stanley,</subfield>
    <subfield code="d">1892-1955.</subfield>
  </datafield>
  <datafield tag="700" ind1="1" ind2=" ">
    <subfield code="a">Trueblood, Thomas C.</subfield>
    <subfield code="q">(Thomas Clarkson),</subfield>
    <subfield code="d">1856-1951.</subfield>
  </datafield>
  <datafield tag="700" ind1="1" ind2=" ">
    <subfield code="a">Vandenberg, Arthur H.</subfield>
    <subfield code="q">(Arthur Hendrick),</subfield>
    <subfield code="d">1884-1951.</subfield>
  </datafield>
  <datafield tag="700" ind1="1" ind2=" ">
    <subfield code="a">Van Dusen, Charles Belden,</subfield>
    <subfield code="d">1871-1958.</subfield>
  </datafield>
  <datafield tag="700" ind1="1" ind2=" ">
    <subfield code="a">Wagner, John Addington,</subfield>
    <subfield code="d">1914-</subfield>
  </datafield>
  <datafield tag="700" ind1="1" ind2=" ">
    <subfield code="a">Waite, John Barker,</subfield>
    <subfield code="d">1882-1967.</subfield>
  </datafield>
  <datafield tag="700" ind1="1" ind2=" ">
    <subfield code="a">Walker, L. C.</subfield>
    <subfield code="q">(Louis Carlisle),</subfield>
    <subfield code="d">1875-1963.</subfield>
  </datafield>
  <datafield tag="700" ind1="1" ind2=" ">
    <subfield code="a">Wedemeyer, Albert C.</subfield>
    <subfield code="q">(Albert Coady),</subfield>
    <subfield code="d">1896-1989.</subfield>
  </datafield>
  <datafield tag="700" ind1="1" ind2=" ">
    <subfield code="a">Wiley, Alexander,</subfield>
    <subfield code="d">1884-1967.</subfield>
  </datafield>
  <datafield tag="700" ind1="1" ind2=" ">
    <subfield code="a">Wolcott, Jesse Paine,</subfield>
    <subfield code="d">1893-1969.</subfield>
  </datafield>
  <datafield tag="700" ind1="1" ind2=" ">
    <subfield code="a">Woodruff, Roy Orchard,</subfield>
    <subfield code="d">1876-1953.</subfield>
  </datafield>
  <datafield tag="700" ind1="1" ind2=" ">
    <subfield code="a">Youngblood, Harold Francis,</subfield>
    <subfield code="d">1907-</subfield>
  </datafield>
  <datafield tag="700" ind1="1" ind2=" ">
    <subfield code="a">Ziegler, Charles M.,</subfield>
    <subfield code="d">1888-1959.</subfield>
  </datafield>
  <datafield tag="700" ind1="1" ind2=" ">
    <subfield code="a">Bagley, John Judson,</subfield>
    <subfield code="d">1832-1881.</subfield>
  </datafield>
  <datafield tag="700" ind1="1" ind2=" ">
    <subfield code="a">Begole, Josiah Williams,</subfield>
    <subfield code="d">1815-1896.</subfield>
  </datafield>
  <datafield tag="700" ind1="1" ind2=" ">
    <subfield code="a">Cass, Lewis,</subfield>
    <subfield code="d">1782-1866.</subfield>
  </datafield>
  <datafield tag="700" ind1="1" ind2=" ">
    <subfield code="a">Croswell, Charles Miller,</subfield>
    <subfield code="d">1825-1886.</subfield>
  </datafield>
  <datafield tag="700" ind1="1" ind2=" ">
    <subfield code="a">Felch, Alpheus,</subfield>
    <subfield code="d">1804-1896.</subfield>
  </datafield>
  <datafield tag="700" ind1="1" ind2=" ">
    <subfield code="a">Ferris, Woodbridge N.,</subfield>
    <subfield code="d">1853-1928.</subfield>
  </datafield>
  <datafield tag="700" ind1="1" ind2=" ">
    <subfield code="a">Ransom, Epaphroditus,</subfield>
    <subfield code="d">1797-1859.</subfield>
  </datafield>
  <datafield tag="700" ind1="1" ind2=" ">
    <subfield code="a">Wisner, Moses,</subfield>
    <subfield code="d">1815-1863.</subfield>
  </datafield>
  <datafield tag="700" ind1="1" ind2=" ">
    <subfield code="a">Brucker, Ferdinand,</subfield>
    <subfield code="d">1858-1904.</subfield>
  </datafield>
  <datafield tag="700" ind1="1" ind2=" ">
    <subfield code="a">Brucker, Roberta Hawn,</subfield>
    <subfield code="d">1859-1939.</subfield>
  </datafield>
  <datafield tag="852" ind1=" " ind2=" ">
    <subfield code="a">Bentley Historical Library,</subfield>
    <subfield code="b">University of Michigan,</subfield>
    <subfield code="c">Ann Arbor, Michigan 48109-2113</subfield>
  </datafield>
  <datafield tag="856" ind1="4" ind2="2">
    <subfield code="3">Finding aid:</subfield>
    <subfield code="u">http://quod.lib.umich.edu/cgi/f/findaid/findaid-idx?c=bhlead&amp;idno=umich-bhl-85874</subfield>
  </datafield>
  <datafield tag="997" ind1=" " ind2=" ">
    <subfield code="a">MARS</subfield>
  </datafield>
  <datafield tag="998" ind1=" " ind2=" ">
    <subfield code="s">9554</subfield>
  </datafield>
</record>
